@inproceedings{claustrophobia,
    author  = {Bruce, Morgan and Regenbrecht, Holger},
    year    = {2009},
    pages   = {179-182},
    title   = {{A Virtual Reality Claustrophobia Therapy System -Implementation and Test}},
    journal = {{Proceedings - IEEE Virtual Reality}}
}

@article{VRhistory,
    author  = {{Cipresso, Pietro and Giglioli, Irene Alice Chicchi and Raya, Mariano Alca{\~n}iz and Riva, Giuseppe}}, 
    title   = {{The Past, Present, and Future of Virtual and Augmented Reality Research: A Network and Cluster Analysis of the Literature}},      
    journal = {{Frontiers in Psychology}},      
    volume  = {9},      
    pages   = {2086},     
    year    = {2018}      
}

@book{VRinHealthcare, 
    place       = {Berlin}, 
    title       = {{Intelligent Paradigms for Assistive and Preventive Healthcare}},
    publisher   = {Springer},
    author      = {{Ichalkaranje, Nikhil and Ichalkaranje, Ajita}},
    year        = {2011}
}

@article{VRinHealthcare2,
    title   = {{Virtual Reality in Healthcare}},
    author  = {L{\'a}nyi, Cec{\'\i}lia},
    journal = {{Intelligent Paradigms for Assistive and Preventive Healthcare}},
    pages   = {87--116},
    year    = {2006},
    publisher = {Springer}
}

@article{training, 
    title   = {{Virtual Reality Training for Health-Care Professionals}},
    volume  = {6},
    number  = {4},
    journal = {{CyberPsychology \& Behavior}}, 
    author  = {{Mantovani, Fabrizia and Castelnuovo, Gianluca and Gaggioli, Andrea and Riva, Giuseppe}},
    year    = {2003},
    pages   = {389--395}
}

@article{impact, 
    title   = {{Impact of Virtual Reality in Healthcare}}, 
    journal = {{Advances in Psychology, Mental Health, and Behavioral Studies Virtual and Augmented Reality in Mental Health Treatment}},
    author  = {{Pillai, Anitha and Mathew, Prabha Susy}}, 
    pages   = {17--31}, 
    year    = {2008}
}

@article{health, 
    title   = {{Virtual Reality Applications in Mental Health: Challenges and Perspectives}}, 
    volume  = {23},
    number  = {2}, 
    journal = {{Industrial Psychiatry Journal}},
    author  = {{Srivastava, Kalpana and Chaudhury, Suprakash and Das, Ram}}, 
    year    = {2014},
    pages   = {83}
}

@inproceedings{vrtesting,
    author  = {{Andrade, Stevão and Nunes, Fátima and Delamaro, Márcio}},
    year    = {2019},
    pages   = {5--6},
    title   = {{A Fault-Based Testing Approach to VR Applications}}
}

%%%%%%%%%%%%%%%%%%%%%%%%%%%%%%%%%%%%%%
% Websites or Software
%%%%%%%%%%%%%%%%%%%%%%%%%%%%%%%%%%%%%%
@misc{qardio,
    author        = {Qardio},
    title         = {{About Us}},
    howpublished  = {\url{https://www.getqardio.com/about-us}},
    note          = {Accessed 24-October-2019}
}

@misc{watchconnectivity,
    author          = {Apple Inc},
    title           = {{WatchConnectivity Framework}},
    howpublished    = {\url{https://developer.apple.com/documentation/watchconnectivity}},
    note            = {Accessed 06-April-2020}
}

@misc{measurement_apple,
    author          ={{Apple Inc}},
    title           = {{Your heart rate. What it means, and where on Apple Watch you'll find it}},
    howpublished    = {\url{https://support.apple.com/en-us/HT204666}},
    note            = {Accessed 06-April-2020}
}

@misc{measurement_effects,
    author          ={{Apple Inc}},
    title           = {{Continuous HR on Apple watch - Apple Community}},
    howpublished    = {\url{https://discussions.apple.com/thread/8235416}},
    note            = {Accessed 06-April-2020}
}

@misc{limbix,
    author          = {Limbix},
    title           = {{About Limbix}},
    howpublished    = {\url{https://www.limbix.com/about}},
    note            = {Accessed 24-October-2019}
}

@misc{cardboard,
    author          = {Google},
    title           = {{Google Cardboard - Google VR}},
    howpublished    = {\url{https://arvr.google.com/cardboard/}},
    note            = {Accessed 05-April-2020}
}

@misc{mergeVR,
    author          = {Merge},
    title           = {{Merge VR Headset}},
    howpublished    = {\url{https://mergeedu.com/headset}},
    note            = {Accessed 05-April-2020}
}

@misc{c2,
    author          = {C2Care},
    title           = {{Virtual Reality at the Service of Health}},
    howpublished    = {\url{https://www.c2.care/en/}},
    note            = {Accessed 11-April-2020}
}

@MISC{googleVR,
    author          = {Google Developers},
    title           = {{Quickstart for Google VR in Unity on iOS}},
    howpublished    = {\url{https://developers.google.com/vr/develop/unity/get-started-ios}},
    note            = {Accessed 11-December-2019}
}

@MISC{vrtiginous,
    author          = {Adrianna Vecchioli},
    title           = {{Here’s how you can make a 360 VR app in 10 minutes with Unity}},
    howpublished    = {\url{https://medium.com/free-code-camp/how-to-make-a-360-vr-app-with-unity-51cbe41ad8f1}},
    note            = {Accessed 15-December-2019}
}

@MISC{VRissue,
    author          = {Cyroxchan},
    title           = {{3D/2D 360 videos - now encoded in a new, proprietary \& non-standard format}},
    howpublished    = {\url{https://github.com/ytdl-org/youtube-dl/issues/15267}},
    note            = {Accessed 15-December-2019}
}

@MISC{unity,
    author      = {Unity},
    title       = {{Unity Real-Time Development Platform}},
    howpublished={\url{https://unity.com/}},
    note        = {Accessed 15-December-2019}
}

@MISC{instavr,
    author      = {InstaVR},
    title       = {{InstaVR - Make a VR App in Minutes}},
    howpublished= {\url{https://www.instavr.co/}},
    note        = {Accessed 15-December-2019}
}

@MISC{googleSDK,
    author      = {Google},
    title       = {{Downloads and samples}},
    howpublished={\url{https://developers.google.com/vr/develop/unity/download}},
    note        = {Accessed 15-December-2019}
}

@misc{testFlight,
    author      = {{Apple Inc}},
    title       = {{TestFlight}},
    howpublished= {\url{https://developer.apple.com/testflight/}},
    note        = {Accessed 06-April-2020}
}

@MISC{GitHub,
    author      = {{GitHub Inc}},
    title       = {{About GitHub}},
    howpublished= {\url{https://github.com/about}},
    note        = {Accessed 06-April-2020}
}

@MISC{iosCharts,
    author      = {{Daniel Cohen Gindi}},
    title       = {Charts},
    howpublished={\url{https://github.com/danielgindi/Charts}},
    note        = {Accessed 06-April-2020}
}


@MISC{oculusRift,
    author      = {{Oculus}},
    title       = {Oculus Rift S},
    howpublished={\url{https://www.oculus.com/rift-s/}},
    note        = {Accessed 16-May-2020}
}

@MISC{htc,
    author      = {{HTC}},
    title       = {HTC Vive VR Headset},
    howpublished={\url{https://www.vive.com/us/product/}},
    note        = {Accessed 16-May-2020}
}

@MISC{dropbox,
    author      = {Dropbox},
    title       = {{About Dropbox}},
    howpublished= {\url{https://www.dropbox.com/about}},
    note        = {Accessed 06-April-2020}
}

@MISC{youtube,
    author      = {YouTube},
    title       = {{About YouTube}},
    howpublished= {\url{https://www.youtube.com/intl/en-GB/about/}},
    note        = {Accessed 18-December-2019}
}

@MISC{xcode,
    author      = {{Apple Inc}},
    title       = {Xcode},
    howpublished= {\url{https://developer.apple.com/xcode/}},
    note        = {Accessed 18-December-2019}
}

@misc{reddit_tf,
    author      = {{Reddit}},
    title       = {{Recruitment for App Store Beta Testers}},
    howpublished= {\url{https://www.reddit.com/r/TestFlight/}},
    note        = {Accessed 29-March-2020}
}

@misc{eeg_image,
    author      = {{Bright Brain Centre London}},
    title       = {{EEG and Brainwaves}},
    howpublished= {\url{https://www.brightbraincentre.co.uk/electroencephalogram-eeg-brainwaves/}},
    note        = {Accessed 04-April-2020}
}

@misc{muse,
    author      = {{Muse}},
    title       = {{Muse - Meditation Made Easy with the Muse Headband}},
    howpublished= {\url{https://choosemuse.com/}},
    note        = {Accessed 06-March-2020}
}

@misc{emotiv,
    author      = {{EMOTIV}},
    title       = {{Brain Data Measuring Hardware and Software}},
    howpublished= {\url{https://www.emotiv.com/}},
    note        = {Accessed 06-March-2020}
}

@misc{survey,
    author      = {{Qualtrics}},
    title       = {{The Leading Reseach, Survey \& Experience Software}},
    howpublished= {\url{https://www.qualtrics.com/uk/}},
    note        = {Accessed 04-March-2020}
}

@misc{xctest,
    author      = {{Apple Inc}},
    title       = {{XCTest}},
    howpublished= {\url{https://developer.apple.com/documentation/xctest}},
    note        = {Accessed 05-April-2020}
}

@MISC{daydream,
    author      = {Google},
    title       = {Daydream},
    howpublished= {\url{https://vr.google.com/daydream/}},
    note        = {Accessed 18-December-2019}
}

@misc{reddit,
    author      = {{Reddit}},
    title       = {{Reddit: The Front Page of the Internet}},
    howpublished= {\url{https://www.reddit.com/}},
    note        = {Accessed 29-March-2020}
}

@MISC{profiler,
    author      = {{Unity Technologies}},
    title       = {{Profiler Overview}},
    howpublished= {\url{https://docs.unity3d.com/Manual/Profiler.html}},
    note        = {Accessed 18-December-2019}
}

@MISC{gsr_image,
    author      = {{Seeed Technology}},
    title       = {{GSR Sensor}},
    howpublished= {\url{http://wiki.seeedstudio.com/Grove-GSR_Sensor/}},
    note        = {Accessed 06-April-2020}
}

@MISC{ccby,
    author      = {{Creative Commons}},
    title       = {{Creative Commons License Deed}},
    howpublished= {\url{https://creativecommons.org/licenses/by/4.0/}},
    note        = {Accessed 18-December-2019}
}

@MISC{cc,
    author      = {{Creative Commons}},
    title       = {{Creative Commons}},
    howpublished= {\url{https://creativecommons.org}},
    note        = {Accessed 18-April-2020}
}

@MISC{gaze,
    author      = {{Google Developers}},
    title       = {{GVRReticlePointer Prefab}},
    howpublished= {\url{https://developers.google.com/vr/reference/unity/prefab/GvrReticlePointer}},
    note        = {Accessed 18-December-2019}
}

@MISC{xiaozhai,
    author      = {XiaoZhai},
    title       = {{XiaoZhai3 Z6 VR Headset}},
    howpublished= {\url{https://www.xiaozhai360.com/z6/}},
    note        = {Accessed 19-December-2019}
}

@MISC{oculus,
    author      = {Oculus},
    title       = {{Oculus Go: Standalone VR Headset}},
    howpublished= {\url{https://www.oculus.com/go/}},
    note        = {Accessed 24-March-2020}
}

@MISC{samsungGearVR,
    author      = {Samsung},
    title       = {{Samsung Gear VR}},
    howpublished= {\url{https://www.samsung.com/global/galaxy/gear-vr/}},
    note        = {Accessed 24-March-2020}
}

@misc{hk,
    author      = {{Apple Inc}},
    title       = {{Health Kit}},
    howpublished= {\url{https://developer.apple.com/healthkit/}},
    note        = {Accessed 05-March-2020}
}

@misc{differences,
    author      = {{Apple Inc}},
    title       = {{Overview - ResearchKit \& CareKit}},
    howpublished= {\url{https://www.researchandcare.org/}},
    note        = {Accessed 05-March-2020}
}

@misc{carekit,
    author      = {{Apple Inc}},
    title       = {{CareKit}},
    howpublished= {\url{https://developer.apple.com/carekit/}},
    note        = {Accessed 05-March-2020}
}

@misc{researchkit,
    author      = {{Apple Inc}},
    title       = {{ResearchKit}},
    howpublished= {\url{https://developer.apple.com/researchkit/}},
    note        = {Accessed 05-March-2020}
}

@misc{rkitGitHub,
    author      = {{Apple Inc}},
    title       = {{ResearchKit GitHub Repository}},
    howpublished= {\url{https://github.com/researchkit/researchkit}},
    note        = {Accessed 05-March-2020}
}

@misc{privacy,
    author      = {{Apple Inc}},
    title       = {{Authorizing Access to Health Data}},
    howpublished= {\url{https://developer.apple.com/documentation/healthkit/authorizing_access_to_health_data}},
    note        = {Accessed 05-March-2020}
}

@misc{hkauthorizationstatus,
    author      = {{Apple Inc}},
    title       = {{HKAuthorizationStatus}},
    howpublished= {\url{https://developer.apple.com/documentation/healthkit/hkauthorizationstatus}},
    note        = {Accessed 05-March-2020}
}

@misc{codesigning,
    author      = {{Apple Inc}},
    title       = {{Code Signing}},
    howpublished= {\url{https://developer.apple.com/library/archive/documentation/Security/Conceptual/CodeSigningGuide/Introduction/Introduction.html}},
    note        = {Accessed 07-May-2020}
}

@misc{hciApple,
    author      = {{Apple Inc}},
    title       = {{Human Interface Guidelines}},
    howpublished= {\url{https://developer.apple.com/design/human-interface-guidelines/}},
    note        = {Accessed 18-May-2020}
}

@misc{HewlettOER,
     title={Open Educational Resources},
     url={http://www.hewlett.org/programs/education/open-educational-resources},
     author={{The William and Flora Hewlett Foundation}},
     howpublished = {\url{http://www.hewlett.org/programs/education/open-educational-resources}},
     note = {Accessed 18-May-2020},      
}

%%%%%%%%%%%%%%%%%%%%%%%%%%%%%%%%%%%%%%
% Phobia Related References
%%%%%%%%%%%%%%%%%%%%%%%%%%%%%%%%%%%%%%
@article{social_phobia, 
    title       = {{Virtual reality exposure using three-dimensional images for the treatment of social phobia}}, 
    volume      = {38}, 
    number      = {1}, 
    journal     = {{Revista Brasileira de Psiquiatria}}, 
    author      = {Gebara, Cristiane and Barros-Neto, Tito De and Gertsenchtein, Leticia and Lotufo-Neto, Francisco}, 
    year        = {2015}, 
    pages       = {24--29}
}

@article{vr_assessment, 
    title       = {{Virtual Reality in the Assessment, Understanding, and Treatment of Mental Health Disorders}},
    volume      = {47},
    number      = {14}, 
    journal     = {{Psychological Medicine}}, 
    author      = {Freeman, Daniel and Reeve, Sarah and Robinson, A. and Ehlers, Anke and Clark, David and Spanlang, Bernhard and Slater, Mel}, 
    year        ={2017}, 
    pages       ={2393--2400}
}

@article{vr_application_in_clinical_medicine,
    author      = {Li, Lan and Yu, Fei and Shi, Dongquan and Shi, Jianping and Tian, Zongjun and Yang, Jiquan and Wang, Xingsong and Zhang, Phoenix},
    year        = {2017},
    pages       = {3867-3880},
    title       = {{Application of Virtual Reality Technology in Clinical Medicine}},
    volume      = {9},
    journal = {{American Journal of Translational Research}}
}

@inproceedings{stress_analysis,
    author      = {Valderas, Maria and Bolea, Juan and Laguna, Pablo and Vallverdu, Montserrat and Bailón, Raquel},
    year        = {2014},
    pages       = {},
    title       = {{Human Emotion Recognition Using Heart Rate Variability Analysis with Spectral Bands Based on Respiration}}
}

@article{vr_acro_case, 
    title       = {{Virtual Reality Treatment Versus Exposure In Vivo: a Comparative Evaluation in Acrophobia}}, 
    volume      = {40}, 
    number      = {5}, 
    journal     = {{Behaviour Research and Therapy}}, 
    author      = {Emmelkamp, Paul and Hulsbosch, Lex}, 
    year        = {2002}, 
    pages       = {509--516}
}

@article{vr_flying_case, 
    title       = {{A Controlled Study of Virtual Reality Exposure Therapy for the Fear of Flying}}, 
    volume      = {68}, 
    number      = {6}, 
    journal     = {{Journal of Consulting and Clinical Psychology}}, 
    author      = {Rothbaum, Barbara Olasov and Hodges, Larry and Smith, Samantha and Lee, Jeong Hwan and Price, Larry},
    year        = {2000}, 
    pages       = {1020–1026}
}

%%%%%%%%%%%%%%%%%%%%%%%%%%%%%%%%%%%%%%
% SmartWatch studies
%%%%%%%%%%%%%%%%%%%%%%%%%%%%%%%%%%%%%%
@article{smartwatch_validity,
    author      = {Hernando, David and Roca, Surya and Sancho, Jorge and Alesanco, Alvaro and Bailón, Raquel},
    year        = {2018},
    pages       = {2619},
    title       = {{Validation of the Apple Watch for Heart Rate Variability Measurements during Relax and Mental Stress in Healthy Subjects}},
    volume      = {18},
    journal     = {Sensors}
}

%%%%%%%%%%%%%%%%%%%%%%%%%%%%%%%%%%%%%%%%%%%%%%%%%%%%%%%%%%%%%%%%
%New papers on VR
%%%%%%%%%%%%%%%%%%%%%%%%%%%%%%%%%%%%%%%%%%%%%%%%%%%%%%%%%%%%%%%%
@misc{vr_headsets_Chen,
    author      = {Chen, Meixu and Jin, Yize and Goodall, Todd and Yu, Xiangxu and Bovik, Alan},
    year        = {2019},
    title       = {Study of 3D Virtual Reality Picture Quality}
}

@article{in_vivo_vs_VR,
    author      = {Miloff, Alexander and Lindner, Philip and Dafgård, Peter and Deak, Stefan and Garke, Maria and Hamilton, William and Heinsoo, Julia and Kristoffersson, Glenn and Rafi, Jonas and Sindermark, Kerstin and Sjölund, Jessica and Zenger, Maria and Reuterskiöld, Lena (Lotta) and Andersson, Gerhard and Carlbring, Per},
    year        = {2019},
    pages       = {130--140},
    title       = {{Automated virtual reality exposure therapy for spider phobia vs. in-vivo one-session treatment: A randomized non-inferiority trial}},
    volume      = {118},
    journal     = {{Behaviour Research and Therapy}}
}

@article{fault_testing, 
    title       = {{From Faults Via Test Purposes to Test Cases: On the Fault-Based Testing of Concurrent Systems}}, 
    journal     = {{Fundamental Approaches to Software Engineering Lecture Notes in Computer Science}}, 
    author      = {Aichernig, Bernhard and Delgado, Corrales}, 
    year        = {2006}, 
    pages       = {324--338}
}

@book{reqs,
  title={Software Engineering},
  author={Sommerville, Ian},
  isbn={9780137053469},
  edition = {9},
  lccn={2009053058},
  series={International Computer Science Series},
  url={https://books.google.ru/books?id=l0egcQAACAAJ},
  year={2011},
  publisher={Pearson},
  pages = {82 -- 118}
}


@inbook{risks, 
    edition     = {9}, 
    title       = {{Risk Man}}, 
    booktitle   = {{Software Engineering}}, 
    publisher   = {Pearson}, 
    author      = {Sommerville, Ian}, 
    year        = {2016}, 
    pages       = {82--118}
}

@inproceedings{agile,
    author      = {Parsons, David and Lal, Ramesh and Ryu, Hokyoung and Lange, Manfred},
    title       = {{Software Development Methodologies, Agile Development and Usability Engineering}},
    booktitle   = {{18th Australasian Conference on Information Systems}},
    year        = {2007}
}

@article{waterfall,
    title       = {{Waterfall vs. V-Model vs. Agile: A comparative study on SDLC}},
    author      = {Balaji, Sundramoorthy and Murugaiyan, Sundararajan},
    journal     = {{International Journal of Information Technology and Business Management}},
    volume      = {2},
    number      = {1},
    pages       = {26--30},
    year        = {2012}
}

@article{mt,
    author      = {Chen, Tsong and Kuo, Fei-Ching and Liu, Huai and Poon, Pak-Lok and Towey, Dave and Tse, T.H. and Zhou, Zhi Quan},
    year        = {2018},
    pages       = {4:1-4:27},
    title       = {{Metamorphic Testing: A Review of Challenges and Opportunities}},
    volume      = {51},
    journal     = {{ACM Computing Surveys}}
}

@inproceedings{mt_applications,
    author      = {Zhou, Zhi Quan and Huang, De and Yang, Zongyuan and Huang, Haitao and Chen, Tsong},
    year        = {2004},
    booktitle   = {{8th International Symposium on Future Software Technology}},
    title       = {{Metamorphic Testing and Its Applications}}
}

@article{sensorsCaseStudy, 
    title       = {{Continuous Stress Detection Using Wearable Sensors in Real Life: Algorithmic Programming Contest Case Study}}, 
    volume      = {19}, 
    number      = {8}, 
    journal     = {Sensors}, 
    author      = {Can, Yekta Said and Chalabianloo, Niaz and Ekiz, Deniz and Ersoy, Cem}, 
    year        = {2019}, 
    pages       = {1849}
}

@book{edaActivity, 
    place       = {{New York}},
    title       = {{Electrodermal Activity}},
    publisher   = {Springer}, 
    author      = {Boucsein, Wolfram}, 
    year        = {2014}
}

@article{bodyEDA,
    author      = {Dooren, Marieke and De Vries, Gert-Jan and Janssen, Joris},
    year        = {2012},
    pages       = {298--304},
    title       = {{Emotional Sweating Across the Body: Comparing 16 Different Skin Conductance Measurement Locations}},
    volume      = {106},
    journal     = {{Physiology \& behavior}}
}

@article{sensors, 
    title       = {{Evaluation of Fear Using Nonintrusive Measurement of Multimodal Sensors}}, 
    volume      = {15},  
    number      = {7}, 
    journal     = {Sensors}, 
    author      = {Choi, Jong-Suk and Bang, Jae and Heo, Hwan and Park, Kang}, 
    year        = {2015}, 
    pages       = {17507--17533}
}

@article{vr_applications_study,
title={{Preliminary Study of VR and AR Applications in Medical and Healthcare Education}},
  author={Hsieh, Min-Chai and Lee, Jia-Jin},
  journal={Journal of Nursing and Health Studies},
  volume={3},
  number={1},
  pages={1},
  year={2018}
}

@inproceedings{TALE20194DVR,
  title={Creating a {4D} Photoreal {VR} Environment to Teach Civil Engineering},
  author={Walker, James and Stepanov, Denis and Towey, Dave and Elamin, Ahmed and Pike, Matthew and Wei, Ran},
  booktitle={IEEE International Conference on Teaching, Assessment, and Learning for Engineering (TALE 2019)},
  pages={1006--1013},
  year={2019}
}

@misc{compsac,
title = {{A Virtual Reality OER Platform to Deliver Phobia-motivated Experiences}},
author = {Stepanov, Denis and Towey, Dave and Chen, Tsong Yueh and Zhou, Zhi Quan},
year = {2020}
}

@article{likert,
  title={{Another Look at Likert Scales}},
  author={Willits, Fern K and Theodori, Gene L and Luloff, AE},
  journal={Journal of Rural Social Sciences},
  volume={31},
  number={3},
  pages={6},
  year={2016}
}

@article{storage_infrastructure,
  title={{A Study On Evolution Of Storage Infrastructure}},
  author={Patil, Pooja Tanaji},
  journal={International Journal},
  volume={6},
  number={7},
  year={2016}
}

@inproceedings{uiDeisgnRules,
  title={{A Study on the Application of UI Design in Shaping Product Image}},
  author={Meng, Xin and Feng, Chong and Ji, YuChuan},
  booktitle={4th International Conference on Education, Management, Arts, Economics and Social Science (ICEMAESS 2017)},
  year={2017},
  organization={Atlantis Press}
}

@inproceedings{responsiveDesign,
  title={Responsive, mobile app, mobile first: untangling the UX design web in practical experience},
  author={Mullins, Cheri},
  booktitle={Proceedings of the 33rd Annual International Conference on the Design of Communication},
  pages={1--6},
  year={2015}
}

@article{barr2014oracle,
  title={The oracle problem in software testing: A survey},
  author={Barr, Earl T and Harman, Mark and McMinn, Phil and Shahbaz, Muzammil and Yoo, Shin},
  journal={IEEE transactions on software engineering},
  volume={41},
  number={5},
  pages={507--525},
  year={2014},
  publisher={IEEE}
}

@article{JSSOracle2018introduction,
  title={Introduction to the special issue on test oracles},
  author={Zhou, Zhi Quan and Towey, Dave and Poon, Pak-Lok and Tse, T.H.},
  journal={Journal of Systems and Software},
  volume={136},
  pages={187},
  year={2018}
}

@article{segura2016MTsurvey,
  title={A survey on metamorphic testing},
  author={Segura, Sergio and Fraser, Gordon and Sanchez, Ana B and Ruiz-Cort{\'e}s, Antonio},
  journal={IEEE Transactions on software engineering},
  volume={42},
  number={9},
  pages={805--824},
  year={2016},
  publisher={IEEE}
}

@article{liu2013effectively,
  title={How effectively does metamorphic testing alleviate the oracle problem?},
  author={Liu, Huai and Kuo, Fei-Ching and Towey, Dave and Chen, Tsong Yueh},
  journal={IEEE Transactions on Software Engineering},
  volume={40},
  number={1},
  pages={4--22},
  year={2013},
  publisher={IEEE}
}

@article{covid19-1,
  title={The epidemiology and pathogenesis of coronavirus disease (COVID-19) outbreak},
  author={Rothan, Hussin A and Byrareddy, Siddappa N},
  journal={Journal of autoimmunity},
  pages={102433},
  year={2020},
  publisher={Elsevier}
}

@article{covid19-2,
  title={Characteristics of and important lessons from the coronavirus disease 2019 (COVID-19) outbreak in China: summary of a report of 72 314 cases from the Chinese Center for Disease Control and Prevention},
  author={Wu, Zunyou and McGoogan, Jennifer M},
  journal={Jama},
  volume={323},
  number={13},
  pages={1239--1242},
  year={2020},
  publisher={American Medical Association}
}
@article{covidImpach,
  title={The psychological impact of the COVID-19 epidemic on college students in China},
  author={Cao, Wenjun and Fang, Ziwei and Hou, Guoqiang and Han, Mei and Xu, Xinrong and Dong, Jiaxin and Zheng, Jianzhong},
  journal={Psychiatry research},
  pages={112934},
  year={2020},
  publisher={Elsevier}
}